% This file was created with JabRef 2.11.1.
% Encoding: UTF8

